@book{RecoSystemHandbook,
  editor    = {Francesco Ricci and
               Lior Rokach and
               Bracha Shapira and
               Paul B. Kantor},
  title     = {Recommender Systems Handbook},
  publisher = {Springer},
  year      = {2011},
  url       = {http://www.springerlink.com/content/978-0-387-85819-7},
  isbn      = {978-0-387-85819-7},
}

@article{AdoTuzIEEE2005,
 author = {Adomavicius, Gediminas and
           Tuzhilin, Alexander},
 title = {Toward the Next Generation of Recommender Systems: A Survey of the
   State-of-the-Art and Possible Extensions},
 journal = {IEEE Trans. on Knowl. and Data Eng.},
 issue_date = {June 2005},
 volume = {17},
 number = {6},
 month = jun,
 year = {2005},
 issn = {1041-4347},
 pages = {734--749},
 numpages = {16},
 url = {https://doi.org/10.1109/TKDE.2005.99},
 doi = {10.1109/TKDE.2005.99},
 acmid = {1070751},
 publisher = {IEEE Educational Activities Department},
 address = {Piscataway, NJ, USA},
 keywords = {Index Terms- Recommender systems, Recommender systems,
             collaborative filtering, rating estimation methods, extensions to
             recommender systems., collaborative filtering, extensions to
             recommender systems., rating estimation methods},
}

@article{BelKorSIGKDD2007,
 author = {Bell, R. M. and Koren, Y.},
 title = {Lessons from the Netflix Prize Challenge},
 journal = {SIGKDD Explor. Newsl.},
 volume = {9},
 number = {2},
 month = dec,
 year = {2007},
 pages = {75--79},
 publisher = {ACM},
 address = {New York, USA}
}

@inproceedings{NeeRieKonACM2006,
  author    = {S. M. McNee and J. Riedl and J. A. Konstan},
  title     = {Being accurate is not enough: how accuracy metrics have hurt
               recommender systems},
  booktitle = {Extended Abstracts Proceedings of the 2006 Conference on Human
               Factors in Computing Systems ({CHI}'06), Montr{\'{e}}al,
               Qu{\'{e}}bec, Canada, April 22-27},
  pages     = {1097--1101},
  year      = {2006},
  editor    = {G. M. Olson and R. Jeffries}
}

@article{HerKonJohTerRieACM2004,
 author = {Herlocker, J. L. and Konstan, J. A. and Terveen, Loren G. and Riedl, J. T.},
 title = {Evaluating Collaborative Filtering Recommender Systems},
 journal = {ACM Trans. Inf. Syst.},
 issue_date = {January 2004},
 volume = {22},
 number = {1},
 year = {2004},
 pages = {5--53},
 publisher = {ACM},
 address = {New York, NY, USA},
}

@inproceedings{KamBriRecSys2014,
	author = {M. Kaminskas and D. Bridge},
	title = {Measuring Surprise in Recommender Systems},
	booktitle = {Procs. of the Workshop on Recommender Systems Evaluation: Dimensions and Design (Workshop Programme of the 8th ACM Conference on Recommender Systems)},
	year = {2014},
	editor = {P. Adamopoulos et al.}
}

@article{KorACM2010,
 author = {Koren, Yehuda},
 title = {Factor in the Neighbors: Scalable and Accurate Collaborative Filtering},
 journal = {ACM Trans. Knowl. Discov. Data},
 issue_date = {January 2010},
 volume = {4},
 number = {1},
 month = jan,
 year = {2010},
 issn = {1556-4681},
 pages = {1:1--1:24},
 articleno = {1},
 numpages = {24},
 url = {http://doi.acm.org/10.1145/1644873.1644874},
 doi = {10.1145/1644873.1644874},
 acmid = {1644874},
 publisher = {ACM},
 address = {New York, NY, USA},
 keywords = {Netflix Prize, Recommender systems, collaborative filtering},
}

@Unpublished{Funk2006,
    author = {S. Funk},
    title = {Netflix Update: Try This at Home},
    note = {http://sifter.org/~simon/journal/20061211.html},
    year = {2006},
    OPTannote = {â€¢}
}

@article{TakSug85,
    author    = {T. Takagi and M. Sugeno},
    title     = {Fuzzy identification of systems and its application to
                 modelling and control},
    journal   = {IEEE Trans. on Systems, Man, Cybernetics},
    volume    = {15},
    number    = {1},
    pages     = {116--132},
    year      = {1985},
}
